<?xml version="1.0" encoding="UTF-8"?><record xmlns="http://www.loc.gov/MARC21/slim" xmlns:cinclude="http://apache.org/cocoon/include/1.0" xmlns:zs="http://www.loc.gov/zing/srw/">
  <leader>01032cz  a2200193n  4500</leader>
  <controlfield tag="001">n  87855478 </controlfield>
  <controlfield tag="003">DLC</controlfield>
  <controlfield tag="005">20150318073833.0</controlfield>
  <controlfield tag="008">870917n| azannaabn          |a aaa      </controlfield>
  <datafield tag="010" ind1=" " ind2=" ">
    <subfield code="a">n  87855478 </subfield>
    <subfield code="z">n  83034609 </subfield>
  </datafield>
  <datafield tag="035" ind1=" " ind2=" ">
    <subfield code="a">(OCoLC)oca01942983</subfield>
  </datafield>
  <datafield tag="040" ind1=" " ind2=" ">
    <subfield code="a">DLC</subfield>
    <subfield code="b">eng</subfield>
    <subfield code="e">rda</subfield>
    <subfield code="c">DLC</subfield>
    <subfield code="d">DLC</subfield>
    <subfield code="d">PPiU</subfield>
  </datafield>
  <datafield tag="046" ind1=" " ind2=" ">
    <subfield code="f">19370629</subfield>
  </datafield>
  <datafield tag="100" ind1="1" ind2=" ">
    <subfield code="a">Wierzbicki, Andrzej,</subfield>
    <subfield code="d">1937-</subfield>
  </datafield>
  <datafield tag="400" ind1="1" ind2=" ">
    <subfield code="a">Wierzbicki, A. P.</subfield>
    <subfield code="q">(Andrzej P.),</subfield>
    <subfield code="d">1937-</subfield>
  </datafield>
  <datafield tag="670" ind1=" " ind2=" ">
    <subfield code="a">His Modele i wrażliwość układów sterowania, 1977:</subfield>
    <subfield code="b">t.p. (Andrzej Wierzbicki) jkt. (b. 6-29-37)</subfield>
  </datafield>
  <datafield tag="670" ind1=" " ind2=" ">
    <subfield code="a">Methods of mathematical programming, 1981:</subfield>
    <subfield code="b">t.p. (A.P. Wierzbicki)</subfield>
  </datafield>
  <datafield tag="670" ind1=" " ind2=" ">
    <subfield code="a">Aspiration based decision support systems, c1989:</subfield>
    <subfield code="b">CIP t.p. (A.P. Wierzbicki) galley (Prof. Dr. Andrzej Piotr Wierzbicki, Inst. of Aut. Control, Warsaw Univ. of Techn.)</subfield>
  </datafield>
  <datafield tag="670" ind1=" " ind2=" ">
    <subfield code="a">Co ekonomiści myślą o przyszłości, 2009:</subfield>
    <subfield code="b">title page (Andrzej Wierzbicki) page 264 (Andrzej P. Wierzbicki; Wiceprzewodnicza̦cy Komitet Prognoz "Polska 2000 Plus; Instytut Łączności -- Państwowy Instytut Badawczy)</subfield>
  </datafield>
</record>